@article{brinkhoff2008scalable,
  title={Scalable transmission line and inductor models for CMOS millimeter-wave design},
  author={Brinkhoff, James and Koh, Kok Siang Steve and Kang, Kai and Lin, Fujiang},
  journal={IEEE Transactions on Microwave Theory and Techniques},
  volume={56},
  number={12},
  pages={2954--2962},
  year={2008},
  publisher={IEEE}
}

@article{yue1998chip,
  title={On-chip spiral inductors with patterned ground shields for Si-based RF ICs},
  author={Yue, C Patrick and Wong, S Simon},
  journal={IEEE Journal of solid-state circuits},
  volume={33},
  number={5},
  pages={743--752},
  year={1998},
  publisher={IEEE}
}

@article{dickson200530,
  title={30-100-GHz inductors and transformers for millimeter-wave (Bi) CMOS integrated circuits},
  author={Dickson, Timothy O and LaCroix, M-A and Boret, Samuel and Gloria, Daniel and Beerkens, Rudy and Voinigescu, Sorin P},
  journal={IEEE Transactions on Microwave Theory and Techniques},
  volume={53},
  number={1},
  pages={123--133},
  year={2005},
  publisher={IEEE}
}

@article{eisenstadt1992s,
  title={S-parameter-based IC interconnect transmission line characterization},
  author={Eisenstadt, William R and Eo, Yungseon},
  journal={IEEE Transactions on components, hybrids, and manufacturing technology},
  volume={15},
  number={4},
  pages={483--490},
  year={1992},
  publisher={IEEE}
}



@misc{Authors14,
 author = {Authors},
 title = {The frobnicatable foo filter},
 note = {Face and Gesture  submission ID 324. Supplied as additional material {\tt fg324.pdf}},
 year = 2014
}

@misc{Authors14b,
 author = {Authors},
 title = {Frobnication tutorial},
 note = {Supplied as additional material {\tt tr.pdf}},
 year = 2014
}

@article{Alpher02,
author = {A. Alpher},
title = {Frobnication},
journal = {Journal of Foo},
volume = 12, 
number = 1, 
pages = {234--778}, 
year = 2002
}

@article{Alpher03,
author = {A. Alpher and  J.~P.~N. Fotheringham-Smythe},
title = {Frobnication revisited},
journal = {Journal of Foo},
volume = 13, 
number = 1, 
pages = {234--778}, 
year = 2003
}

@article{Alpher04,
author = {A. Alpher and J.~P.~N. Fotheringham-Smythe and G. Gamow},
title = {Can a machine frobnicate?},
journal = {Journal of Foo},
volume = 14, 
number = 1, 
pages = {234--778}, 
year = 2004
}
